/Users/baeuml/Google Drive/bibdesk/research.bib